% BibTeX database for the MSc_Thesis.tex
@inproceedings{cisco,
	author = {Dave Evans},
	title  = {The Internet of Things, How the Next Evolution of the Internet Is Changing Everything},
	month = {April}, 
	year = {2011}, 
	url = {http://www.cisco.com/c/dam/en_us/about/ac79/docs/innov/IoT_IBSG_0411FINAL.pdf}
}


@book{Statler,
 author = {Statler, Stephen and Audenaert, Anke and Coombs, John and Gordon, Theresa Mary and Hendrix, Phil and Kolodziej, Kris and Leddy, Patrick and Parker, Ben and Proietti, Mario and Rotolo, Ray and Slette, Kjartan and Vanto, Jarno and Young, David},
 title = {Beacon Technologies: The Hitchhiker's Guide to the Beacosystem},
 year = {2016},
 isbn = {1484218884, 9781484218884},
 edition = {1st},
 publisher = {Apress},
 address = {Berkely, CA, USA}
} 


@book{KupperAxel,
 author = {Kupper, Axel},
 title = {Location-based Services: Fundamentals and Operation},
 year = {2005},
 isbn = {0470092319},
 publisher = {John Wiley \& Sons}
} 

%not used yet
@book{PrerequisitesFoundations,
  author    = {Martin Werner},
  title     = {Indoor Location-Based Services - Prerequisites and Foundations},
  publisher = {Springer},
  year      = {2014},
  url       = {http://dx.doi.org/10.1007/978-3-319-10699-1},
  doi       = {10.1007/978-3-319-10699-1},
  isbn      = {978-3-319-10698-4},
  timestamp = {Thu, 11 Dec 2014 14:43:05 +0100},
  biburl    = {http://dblp2.uni-trier.de/rec/bib/books/sp/Werner14},
  bibsource = {dblp computer science bibliography, http://dblp.org}
}

@inproceedings{ImprIndoorLocal,
author = {Pavel Kriz, Filip Maly and Tomas Kozel},
title  = {Improving Indoor Localization Using Bluetooth Low Energy Beacons},
booktitle={ Mobile Information Systems, vol. 2016, Article ID 2083094},
pages = {11}, 
year = {2016}, 
doi = {10.1155/2016/2083094}
}

%Not used yet
@article{Mappingpolicybased,
author = {Senan M. H. Sharhan, and Sebastian Zickau, },
title = {Indoor mapping for location-based policy tooling using Bluetooth Low Energy beacons},
journal = {2015 IEEE 11th International Conference on Wireless and Mobile Computing, Networking and Communications (WiMob)},
volume = {00},
number = {undefined},
issn = {},
year = {2015},
pages = {28-36},
doi = {doi.ieeecomputersociety.org/10.1109/WiMOB.2015.7347937},
publisher = {IEEE Computer Society},
address = {Los Alamitos, CA, USA}
}

@article{fingerprintingble, 
author={R. Faragher and R. Harle}, 
journal={IEEE Journal on Selected Areas in Communications}, 
title={Location Fingerprinting With Bluetooth Low Energy Beacons}, 
year={2015}, 
volume={33}, 
number={11}, 
pages={2418-2428}, 
keywords={Bluetooth;indoor navigation;indoor radio;mobility management (mobile radio);radiowave propagation;BLE radio protocol;Bluetooth low energy radio protocol;WiFi signal;continuous BLE scanning;dense BLE network;empirical fingerprinting technique;indoor radio propagation complexity;location awareness;location fingerprinting;one-shot positioning;radio map;Advertising;Aggregates;Batteries;Bluetooth;Fading;IEEE 802.11 Standards;Interference;Bluetooth Low Energy Positioning;Bluetooth Positioning;Indoor positioning;Location fingerprinting;bluetooth low energy positioning;bluetooth positioning;iBeacons;location fingerprinting}, 
doi={10.1109/JSAC.2015.2430281}, 
ISSN={0733-8716}, 
month={Nov}
}

@inproceedings{IndoorlocationpositionbasedonBlue,
 author = {Rida, Mohamed Er and Liu, Fuqiang and Jadi, Yassine and Algawhari, Amgad Ali Abdullah and Askourih, Ahmed},
 title = {Indoor Location Position Based on Bluetooth Signal Strength},
 booktitle = {Proceedings of the 2015 2Nd International Conference on Information Science and Control Engineering},
 series = {ICISCE '15},
 year = {2015},
 isbn = {978-1-4673-6850-6},
 pages = {769--773},
 numpages = {5},
 url = {http://dx.doi.org/10.1109/ICISCE.2015.177},
 doi = {10.1109/ICISCE.2015.177},
 acmid = {2862861},
 publisher = {IEEE Computer Society},
 address = {Washington, DC, USA},
 keywords = {Nodes, Bluetooth4.0, indoor location, Signal strength, Trilateration}
} 

%Survey of Wireless Indoor Positioning Techniques and Systems
@article{SurveyofWireless,
 author = {Liu, Hui and Darabi, H. and Banerjee, P. and Liu, Jing},
 title = {Survey of Wireless Indoor Positioning Techniques and Systems},
 journal = {Trans. Sys. Man Cyber Part C},
 issue_date = {November 2007},
 volume = {37},
 number = {6},
 month = nov,
 year = {2007},
 issn = {1094-6977},
 pages = {1067--1080},
 numpages = {14},
 url = {http://dx.doi.org/10.1109/TSMCC.2007.905750},
 doi = {10.1109/TSMCC.2007.905750},
 acmid = {2221077},
 publisher = {IEEE Press},
 address = {Piscataway, NJ, USA},
 keywords = {Indoor location sensing, location fingerprinting, positioning algorithm, radio frequency (RF), wireless localization}
} 

%Indoor positioning using GPS transmitters: Experimental results
@INPROCEEDINGS{GPStransmitters, 
author={A. Fluerasu and A. Vervisch-Picois and G. Boiero and G. Ghinamo and P. Lovisolo and N. Samama}, 
booktitle={2010 International Conference on Indoor Positioning and Indoor Navigation}, 
title={Indoor positioning using GPS transmitters: Experimental results}, 
year={2010}, 
pages={1-9}, 
keywords={Global Positioning System;indoor radio;radio transmitters;GNSS transmitter;GPS transmitters;indoor positioning;Accuracy;Receiving antennas;Repeaters;Satellites;Transmitting antennas;GNSS;Indoor positioning;transmitters}, 
doi={10.1109/IPIN.2010.5647647}, 
month={Sept}
}

%A Survey on Location based Services and Positioning Techniques 
@article{surveylocation,
author={M. Mohammadi and A. Naserasadi}, 
title={A Survey on Location based Services and Positioning Techniques.},
journal={International Journal of Computer Applications},
  issn={0975 – 8887},  volume = {24}, number ={5}, pages={1–5}, 
year={2011}
}
%A Novel Reference Node Selection Algorithm Based on Trilateration for Indoor Sensor Networks
@INPROCEEDINGS{novelref, 
	author={G. Han and D. Choi and W. Lim}, 
	booktitle={7th IEEE International Conference on Computer and Information Technology (CIT 2007)}, 
	title={A Novel Reference Node Selection Algorithm Based on Trilateration for Indoor Sensor Networks}, 
	year={2007}, 
	pages={1003-1008}, 
	keywords={wireless sensor networks;equilateral triangle;indoor sensor networks;reference node selection algorithm;trilateration;two-phase positioning algorithm;Algorithm design and analysis;Computer networks;Computer science;Humans;Indoor environments;Information technology;Iterative algorithms;Mobile robots;Phase estimation;Wireless sensor networks}, 
	doi={10.1109/CIT.2007.15}, 
	month={Oct},}

%A bluetooth smart analyzer in iBeacon networks
@INPROCEEDINGS{smartanaibeacon, 
	author={M. Varsamou and T. Antonakopoulos}, 
	booktitle={2014 IEEE Fourth International Conference on Consumer Electronics Berlin (ICCE-Berlin)}, 
	title={A bluetooth smart analyzer in iBeacon networks}, 
	year={2014}, 
	pages={288-292}, 
	keywords={Bluetooth;indoor navigation;mobile computing;power aware computing;radio networks;smart phones;Android-based application;BLE;BLE sensor device;bluetooth low energy;bluetooth smart analyzer;iBeacon networks;low-cost communication;low-power communication;mobile device;sensor-based product;ubiquitous device;wireless communications;Androids;Antenna measurements;Antenna radiation patterns;Bluetooth;Humanoid robots;Mobile handsets;Wireless communication}, 
	doi={10.1109/ICCE-Berlin.2014.7034291}, 
	ISSN={2166-6814}, 
	month={Sept},}


%Role of BLE in proximity based automation of IoT: A practical approach
@INPROCEEDINGS{roleofble_altbeacon, 
	author={S. Gowrishankar and N. Madhu and T. G. Basavaraju}, 
	booktitle={2015 IEEE Recent Advances in Intelligent Computational Systems (RAICS)}, 
	title={Role of BLE in proximity based automation of IoT: A practical approach}, 
	year={2015}, 
	pages={400-405}, 
	keywords={Bluetooth;Internet of Things;microcontrollers;smart phones;transport protocols;BLE;Bluetooth low-energy;IP enabled devices;Internet of Things;IoT;RESTful service;fixed-AltBeacon node;home automation;industrial systems;proximity-based automation;smart phone;software framework;Bluetooth;Computer architecture;Internet of things;Protocols;Radiofrequency identification;Smart phones;AltBeacon;Automation;Bluetooth Low Energy (BLE);Internet of Things (IoT);Proximity;REST}, 
	doi={10.1109/RAICS.2015.7488449}, 
	month={Dec}}

%Beacon controlled campus surveillance
@INPROCEEDINGS{campus_survey, 
	author={G. Saraswat and V. Garg}, 
	booktitle={2016 International Conference on Advances in Computing, Communications and Informatics (ICACCI)}, 
	title={Beacon controlled campus surveillance}, 
	year={2016}, 
	pages={2582-2586}, 
	keywords={Bluetooth;educational institutions;indoor navigation;surveillance;Bluetooth beacons;Web page links;academic institutions;administrative operations;administrative tasks;beacon controlled campus surveillance;proximity analysis;real-time surveillance;Androids;Bluetooth;Databases;Global Positioning System;Humanoid robots;Protocols;Standards;Bluetooth Beacons;Bluetooth low energy;Eddystone;Indoor positioning;iBeacon}, 
	doi={10.1109/ICACCI.2016.7732446}, 
	month={Sept}}

@INPROCEEDINGS{gps,
	author    = {B. Hofmann-Wellenhof, H. Lichtenegger, and J. Collins},
	title     = {Global positioning system: theory and practice},
	publisher = {Springer-Verlag Wien},
	year      = {2013},
	url       = {http://www.springer.com/us/book/9783211835340},
	doi       = {10.1007/978-3-7091-6199-9},
	pages 	  = {382},
	isbn      = {978-3-7091-6199-9}
	}